@article{ROUSSEEUW198753,
title = "Silhouettes: A graphical aid to the interpretation and validation of cluster analysis",
journal = "Journal of Computational and Applied Mathematics",
volume = "20",
number = "",
pages = "53 - 65",
year = "1987",
note = "",
issn = "0377-0427",
doi = "http://dx.doi.org/10.1016/0377-0427(87)90125-7",
url = "http://www.sciencedirect.com/science/article/pii/0377042787901257",
author = "Peter J. Rousseeuw",
keywords = "Graphical display",
keywords = "cluster analysis",
keywords = "clustering validity",
keywords = "classification"
}