@ARTICLE{2010ApJ...710..964D,
   author = {{Dopita}, M.~A. and {Blair}, W.~P. and {Long}, K.~S. and {Mutchler}, M. and 
	{Whitmore}, B.~C. and {Kuntz}, K.~D. and {Balick}, B. and {Bond}, H.~E. and 
	{Calzetti}, D. and {Carollo}, M. and {Disney}, M. and {Frogel}, J.~A. and 
	{O'Connell}, R. and {Hall}, D. and {Holtzman}, J.~A. and {Kimble}, R.~A. and 
	{MacKenty}, J. and {McCarthy}, P. and {Paresce}, F. and {Saha}, A. and 
	{Silk}, J. and {Sirianni}, M. and {Trauger}, J. and {Walker}, A.~R. and 
	{Windhorst}, R. and {Young}, E.},
    title = "{Supernova Remnants and the Interstellar Medium of M83: Imaging and Photometry with the Wide Field Camera 3 on the Hubble Space Telescope}",
  journal = {\apj},
 keywords = {galaxies: ISM, galaxies: starburst, galaxies: structure, ISM: structure, ISM: supernova remnants, supernovae: general},
     year = 2010,
    month = feb,
   volume = 710,
    pages = {964-978},
      doi = {10.1088/0004-637X/710/2/964},
   adsurl = {http://adsabs.harvard.edu/abs/2010ApJ...710..964D},
  adsnote = {Provided by the SAO/NASA Astrophysics Data System}
}

@ARTICLE{2010ApJ...719..966C,
   author = {{Chandar}, R. and {Whitmore}, B.~C. and {Kim}, H. and {Kaleida}, C. and 
	{Mutchler}, M. and {Calzetti}, D. and {Saha}, A. and {O'Connell}, R. and 
	{Balick}, B. and {Bond}, H. and {Carollo}, M. and {Disney}, M. and 
	{Dopita}, M.~A. and {Frogel}, J.~A. and {Hall}, D. and {Holtzman}, J.~A. and 
	{Kimble}, R.~A. and {McCarthy}, P. and {Paresce}, F. and {Silk}, J. and 
	{Trauger}, J. and {Walker}, A.~R. and {Windhorst}, R.~A. and 
	{Young}, E.},
    title = "{The Luminosity, Mass, and Age Distributions of Compact Star Clusters in M83 Based on Hubble Space Telescope/Wide Field Camera 3 Observations}",
  journal = {\apj},
archivePrefix = "arXiv",
   eprint = {1007.5237},
 primaryClass = "astro-ph.GA",
 keywords = {galaxies: individual (M83), galaxies: star clusters: general, stars: formation},
     year = 2010,
    month = aug,
   volume = 719,
    pages = {966-978},
      doi = {10.1088/0004-637X/719/1/966},
   adsurl = {http://adsabs.harvard.edu/abs/2010ApJ...719..966C},
  adsnote = {Provided by the SAO/NASA Astrophysics Data System}
}

@ARTICLE{2011ApJ...729...78W,
   author = {{Whitmore}, B.~C. and {Chandar}, R. and {Kim}, H. and {Kaleida}, C. and 
	{Mutchler}, M. and {Stankiewicz}, M. and {Calzetti}, D. and 
	{Saha}, A. and {O'Connell}, R. and {Balick}, B. and {Bond}, H.~E. and 
	{Carollo}, M. and {Disney}, M.~J. and {Dopita}, M.~A. and {Frogel}, J.~A. and 
	{Hall}, D.~N.~B. and {Holtzman}, J.~A. and {Kimble}, R.~A. and 
	{McCarthy}, P.~J. and {Paresce}, F. and {Silk}, J.~I. and {Trauger}, J.~T. and 
	{Walker}, A.~R. and {Windhorst}, R.~A. and {Young}, E.~T.},
    title = "{Using H{$\alpha$} Morphology and Surface Brightness Fluctuations to Age-date Star Clusters in M83}",
  journal = {\apj},
archivePrefix = "arXiv",
   eprint = {1103.4026},
 primaryClass = "astro-ph.GA",
 keywords = {galaxies: individual: M83, galaxies: star clusters: general, H II regions, ISM: bubbles, stars: formation},
     year = 2011,
    month = mar,
   volume = 729,
      eid = {78},
    pages = {78},
      doi = {10.1088/0004-637X/729/2/78},
   adsurl = {http://adsabs.harvard.edu/abs/2011ApJ...729...78W},
  adsnote = {Provided by the SAO/NASA Astrophysics Data System}
}


@ARTICLE{2012ApJ...750...60F,
   author = {{Fouesneau}, M. and {Lan{\c c}on}, A. and {Chandar}, R. and 
	{Whitmore}, B.~C.},
    title = "{Analyzing Star Cluster Populations with Stochastic Models: The Hubble Space Telescope/Wide Field Camera 3 Sample of Clusters in M83}",
  journal = {\apj},
archivePrefix = "arXiv",
   eprint = {1202.3135},
 primaryClass = "astro-ph.CO",
 keywords = {galaxies: individual: M83, galaxies: star clusters: general, methods: data analysis, methods: statistical, techniques: photometric},
     year = 2012,
    month = may,
   volume = 750,
      eid = {60},
    pages = {60},
      doi = {10.1088/0004-637X/750/1/60},
   adsurl = {http://adsabs.harvard.edu/abs/2012ApJ...750...60F},
  adsnote = {Provided by the SAO/NASA Astrophysics Data System}
}

@ARTICLE{2013A&A...553A...7D,
   author = {{Ducci}, L. and {Sasaki}, M. and {Haberl}, F. and {Pietsch}, W.
	},
    title = "{X-ray source population study of the starburst galaxy M 83 with XMM-Newton}",
  journal = {\aap},
archivePrefix = "arXiv",
   eprint = {1303.4306},
 primaryClass = "astro-ph.HE",
 keywords = {galaxies: individual: M 33, X-rays: galaxies},
     year = 2013,
    month = may,
   volume = 553,
      eid = {A7},
    pages = {A7},
      doi = {10.1051/0004-6361/201321035},
   adsurl = {http://adsabs.harvard.edu/abs/2013A%26A...553A...7D},
  adsnote = {Provided by the SAO/NASA Astrophysics Data System}
}

@ARTICLE{2014ApJ...788...55B,
   author = {{Blair}, W.~P. and {Chandar}, R. and {Dopita}, M.~A. and {Ghavamian}, P. and 
	{Hammer}, D. and {Kuntz}, K.~D. and {Long}, K.~S. and {Soria}, R. and 
	{Whitmore}, B.~C. and {Winkler}, P.~F.},
    title = "{An Expanded HST/WFC3 Survey of M83: Project Overview and Targeted Supernova Remnant Search}",
  journal = {\apj},
archivePrefix = "arXiv",
   eprint = {1404.7179},
 keywords = {galaxies: ISM, galaxies: individual: M83, ISM: supernova remnants},
     year = 2014,
    month = jun,
   volume = 788,
      eid = {55},
    pages = {55},
      doi = {10.1088/0004-637X/788/1/55},
   adsurl = {http://adsabs.harvard.edu/abs/2014ApJ...788...55B},
  adsnote = {Provided by the SAO/NASA Astrophysics Data System}
}

@ARTICLE{2014ApJ...793....4A,
   author = {{Andrews}, J.~E. and {Calzetti}, D. and {Chandar}, R. and {Elmegreen}, B.~G. and 
	{Kennicutt}, R.~C. and {Kim}, H. and {Krumholz}, M.~R. and {Lee}, J.~C. and 
	{McElwee}, S. and {O'Connell}, R.~W. and {Whitmore}, B.},
    title = "{Big Fish in Small Ponds: Massive Stars in the Low-mass Clusters of M83}",
  journal = {\apj},
archivePrefix = "arXiv",
   eprint = {1407.4547},
 keywords = {galaxies: individual: M83, galaxies: star clusters: general, galaxies: star formation, stars: luminosity function, mass function, stars: massive},
     year = 2014,
    month = sep,
   volume = 793,
      eid = {4},
    pages = {4},
      doi = {10.1088/0004-637X/793/1/4},
   adsurl = {http://adsabs.harvard.edu/abs/2014ApJ...793....4A},
  adsnote = {Provided by the SAO/NASA Astrophysics Data System}
}


@ARTICLE{2013ApJ...778L..41L,
   author = {{Liu}, G. and {Calzetti}, D. and {Hong}, S. and {Whitmore}, B. and 
	{Chandar}, R. and {O'Connell}, R.~W. and {Blair}, W.~P. and 
	{Cohen}, S.~H. and {Frogel}, J.~A. and {Kim}, H.},
    title = "{Extinction and Dust Geometry in M83 H II Regions: An Hubble Space Telescope/WFC3 Study}",
  journal = {\apjl},
archivePrefix = "arXiv",
   eprint = {1311.0871},
 primaryClass = "astro-ph.CO",
 keywords = {dust, extinction, galaxies: individual: M83 NGC 5236, galaxies: ISM},
     year = 2013,
    month = dec,
   volume = 778,
      eid = {L41},
    pages = {L41},
      doi = {10.1088/2041-8205/778/2/L41},
   adsurl = {http://adsabs.harvard.edu/abs/2013ApJ...778L..41L},
  adsnote = {Provided by the SAO/NASA Astrophysics Data System}
}

@ARTICLE{2012ApJ...753...26K,
   author = {{Kim}, H. and {Whitmore}, B.~C. and {Chandar}, R. and {Saha}, A. and 
	{Kaleida}, C.~C. and {Mutchler}, M. and {Cohen}, S.~H. and {Calzetti}, D. and 
	{O'Connell}, R.~W. and {Windhorst}, R.~A. and {Balick}, B. and 
	{Bond}, H.~E. and {Carollo}, M. and {Disney}, M.~J. and {Dopita}, M.~A. and 
	{Frogel}, J.~A. and {Hall}, D.~N.~B. and {Holtzman}, J.~A. and 
	{Kimble}, R.~A. and {McCarthy}, P.~J. and {Paresce}, F. and 
	{Silk}, J.~I. and {Trauger}, J.~T. and {Walker}, A.~R. and {Young}, E.~T.
	},
    title = "{The Resolved Stellar Population in 50 Regions of M83 from HST/WFC3 Early Release Science Observations}",
  journal = {\apj},
archivePrefix = "arXiv",
   eprint = {1204.6045},
 primaryClass = "astro-ph.GA",
 keywords = {galaxies: individual: M83 NGC 5236, galaxies: stellar content},
     year = 2012,
    month = jul,
   volume = 753,
      eid = {26},
    pages = {26},
      doi = {10.1088/0004-637X/753/1/26},
   adsurl = {http://adsabs.harvard.edu/abs/2012ApJ...753...26K},
  adsnote = {Provided by the SAO/NASA Astrophysics Data System}
}


@ARTICLE{2015arXiv150305942W,
   author = {{Williams}, S.~J. and {Bonanos}, A.~Z. and {Whitmore}, B.~C. and 
	{Prieto}, J.~L. and {Blair}, W.~P.},
    title = "{The Infrared Massive Stellar Content of M83}",
  journal = {ArXiv e-prints},
archivePrefix = "arXiv",
   eprint = {1503.05942},
 primaryClass = "astro-ph.SR",
 keywords = {Astrophysics - Solar and Stellar Astrophysics, Astrophysics - Astrophysics of Galaxies},
     year = 2015,
    month = mar,
   adsurl = {http://adsabs.harvard.edu/abs/2015arXiv150305942W},
  adsnote = {Provided by the SAO/NASA Astrophysics Data System}
}

